<record><leader>00000cas a22000007a 4500</leader><controlfield tag="001">27293574</controlfield><controlfield tag="008">930120d18821884nyuuu ne      0    0eng d</controlfield><datafield ind1=" " ind2=" " tag="010"><subfield code="a">sn 93063540 </subfield></datafield><datafield ind1=" " ind2=" " tag="040"><subfield code="a">NYS</subfield><subfield code="b">eng</subfield><subfield code="c">NYS</subfield><subfield code="d">OCLCQ</subfield><subfield code="d">OCLCF</subfield><subfield code="d">OCLCO</subfield></datafield><datafield ind1=" " ind2=" " tag="042"><subfield code="a">msc</subfield></datafield><datafield ind1=" " ind2=" " tag="043"><subfield code="a">n-us-ny</subfield></datafield><datafield ind1="0" ind2=" " tag="130"><subfield code="a">Ticonderogian (Ticonderoga, N.Y. : 1882)</subfield></datafield><datafield ind1="1" ind2="4" tag="245"><subfield code="a">The Ticonderogian.</subfield></datafield><datafield ind1=" " ind2=" " tag="260"><subfield code="a">Ticonderoga, N.Y. :</subfield><subfield code="b">W.H. Tippetts</subfield></datafield><datafield ind1=" " ind2=" " tag="300"><subfield code="a">v.</subfield></datafield><datafield ind1="1" ind2=" " tag="362"><subfield code="a">Began in 1882; ceased in 1884?</subfield></datafield><datafield ind1=" " ind2=" " tag="580"><subfield code="a">Continues: Lake George herald. Cf. Smith, H.P. History of Essex County, 1885.</subfield></datafield><datafield ind1=" " ind2=" " tag="588"><subfield code="a">Description based on: Vol. 1, no. 39 (Mar. 9, 1883).</subfield></datafield><datafield ind1=" " ind2="0" tag="651"><subfield code="a">Ticonderoga (N.Y.)</subfield><subfield code="v">Newspapers.</subfield></datafield><datafield ind1=" " ind2="0" tag="651"><subfield code="a">Essex County (N.Y.)</subfield><subfield code="v">Newspapers.</subfield></datafield><datafield ind1=" " ind2="7" tag="655"><subfield code="a">Newspapers.</subfield><subfield code="2">fast</subfield><subfield code="0">(OCoLC)fst01423814</subfield></datafield><datafield ind1=" " ind2="7" tag="651"><subfield code="a">New York (State)</subfield><subfield code="z">Essex County.</subfield><subfield code="2">fast</subfield><subfield code="0">(OCoLC)fst01208119</subfield></datafield><datafield ind1=" " ind2="7" tag="651"><subfield code="a">New York (State)</subfield><subfield code="z">Ticonderoga.</subfield><subfield code="2">fast</subfield><subfield code="0">(OCoLC)fst01220445</subfield></datafield><datafield ind1=" " ind2=" " tag="752"><subfield code="a">United States</subfield><subfield code="b">New York</subfield><subfield code="c">Essex</subfield><subfield code="d">Ticonderoga.</subfield></datafield><datafield ind1="1" ind2="0" tag="780"><subfield code="t">Lake George herald</subfield></datafield><datafield ind1="0" ind2="7" tag="785"><subfield code="t">Ticonderoga sentinel (Ticonderoga, N.Y. : 1874)</subfield><subfield code="w">(DLC)sn 84035884</subfield><subfield code="w">(OCoLC)11485860</subfield></datafield><datafield ind1="0" ind2="7" tag="785"><subfield code="t">Ticonderoga sentinel and Ticonderogian</subfield><subfield code="w">(DLC)sn 93063543</subfield><subfield code="w">(OCoLC)27298880</subfield></datafield></record>